@online{SAHD,
	author = {South Australian Health Department},
	title = {Norovirus infection},
	url = {https://www.sahealth.sa.gov.au/wps/wcm/connect/public+content/sa+health+internet/health+topics/health+conditions+prevention+and+treatment/infectious+diseases/norovirus+infection},
}

@article{dynamics,
issn = {0950-2688},
pages = {147--158},
volume = {146},
publisher = {Cambridge University Press},
number = {2},
year = {2018},
title = {Norovirus transmission dynamics: a modelling review},
author = {GAYTHORPE, K. A. M and TROTTER, C. L and LOPMAN, B and STEELE, M and CONLAN, A. J. K},
keywords = {Review; Norovirus; Basic Reproduction Number; Estimating Disease Prevalence; Mathematical Modelling; Norovirus; Transmission},
}



@article{model,
issn = {0264-410X},
journal = {Vaccine},
pages = {5565--5571},
volume = {36},
publisher = {Elsevier Ltd},
number = {37},
year = {2018},
title = {Modelling norovirus transmission and vaccination},
language = {eng},
author = {Gaythorpe, K.A.M. and Trotter, C.L. and Conlan, A.J.K.},
keywords = {Norovirus ; Mathematical Model ; Deterministic ; Odes ; Markov Model ; Vaccine},
}


